% ------------------------------------------------------------------------
% BIBLIOGRAFIA
% ------------------------------------------------------------------------

@online{www1,
  TITLE =      {Strona internetowa Android Developers},
  URL =    		 {https://developer.android.com/develop/ui/views/components/radiobutton},
  URLDATE =		 {2012-11-25}
}
